<collection xmlns="http://www.loc.gov/MARC21/slim">
<record>
  <leader>01011nam0a22001931i 450 </leader>
  <controlfield tag="001">IT\ICCU\CNCE\063532</controlfield>
  <controlfield tag="005">20060104000000.0</controlfield>
  <datafield tag="100" ind1=" " ind2=" ">
    <subfield code="a">20060104f1589        0itac0103    ba</subfield>
  </datafield>
  <datafield tag="101" ind1=" " ind2=" ">
    <subfield code="a">ITA</subfield>
  </datafield>
  <datafield tag="102" ind1=" " ind2=" ">
    <subfield code="a">IT</subfield>
  </datafield>
  <datafield tag="200" ind1="1" ind2=" ">
    <subfield code="a">Breue dichiaratione del modo, che si deue tenere ad vdir la santa messa, &amp; i meriti, che riceue chi l&apos;ode deuotamente co&apos;l significato de&apos; colori, che santa Chiesa suol vestire in tutto l&apos;anno: et vn modo di ben confessarsi. Opera vtilissima a chi desidera viuer christianamente. Raccolta per Gio. francesco Romulo Fiorentino</subfield>
  </datafield>
  <datafield tag="210" ind1=" " ind2=" ">
    <subfield code="a">Stampata in Brescia</subfield>
    <subfield code="d">et ristampata in Ferrara</subfield>
    <subfield code="c">per Girolamo Baldini</subfield>
    <subfield code="d">\non prima del 1589!</subfield>
  </datafield>
  <datafield tag="215" ind1=" " ind2=" ">
    <subfield code="a">\8! c.</subfield>
    <subfield code="d">8ʻ</subfield>
  </datafield>
  <datafield tag="620" ind1=" " ind2=" ">
    <subfield code="a">IT</subfield>
    <subfield code="d">Ferrara</subfield>
  </datafield>
  <datafield tag="700" ind1=" " ind2="1">
    <subfield code="a">Romulo,</subfield>
    <subfield code="b">Giovanni Francesco</subfield>
    <subfield code="3">IT\ICCU\CNCA\026093</subfield>
  </datafield>
  <datafield tag="712" ind1="0" ind2="0">
    <subfield code="a">Baldini, Girolamo</subfield>
    <subfield code="3">IT\ICCU\CNCT\000844</subfield>
    <subfield code="4">650</subfield>
  </datafield>
  <datafield tag="790" ind1=" " ind2="1">
    <subfield code="a">Romolo,</subfield>
    <subfield code="b">Giovanni Francesco</subfield>
    <subfield code="3">IT\ICCU\CNCA\028336</subfield>
    <subfield code="z">Romulo, Giovanni Francesco</subfield>
  </datafield>
  <datafield tag="801" ind1=" " ind2="3">
    <subfield code="a">IT</subfield>
    <subfield code="b">ICCU</subfield>
    <subfield code="c">20201115</subfield>
  </datafield>
  <datafield tag="899" ind1=" " ind2=" ">
    <subfield code="a">Biblioteca universitaria Alessandrina. Roma</subfield>
    <subfield code="1">RM0280</subfield>
    <subfield code="2">RML 01</subfield>
  </datafield>
</record>
</collection>
